@misc{webNijtEdu
	author	=	"Mitra K."
	title	=	"Stability Condition of an LTI Discrete-Time System"
	year	=	"2005"
	url		=	"https://web.njit.edu/~akansu/Ch2(3)Handouts_3e.pdf"
}

@misc{cnxOpenStax
	auhor 	=	 "Marco F. Duarte"
	title	=	"8.5 Casuality and Stability of Discrete-Time Linear Time-Invariant Systems"
	url		=	"https://cnx.org/contents/KilsjSQd@10.18:9kZ-CT3d@1/Causality-and-Stability-of-Discrete-Time-Linear-Time-Invariant-Systems"
}

@misc{webNijtEdu
	auhor 	=	 "Abel Aguirre"
	title	=	"Transformada z"
	year	=	"2013"
	url		=	"https://es.slideshare.net/euch00/transformada-z-17119441"
}

@misc{webNijtEdu
	auhor 	=	 "Javier Roman"
	title	=	"Estabilidad de sistemas discretos"
	year	=	"2017"
	url		=	"http://www.frlr.utn.edu.ar/archivos/alumnos/electronica/catedras/38-sistemas-de-control-aplicado/Notas_de_C-C3-A1tedra/anterior/04_SCA_Cap_3_V4.pdf"
}


