@misc{w1,
	AUTHOR = "{Dra. Flor Lizeth Torres Ortiz}",
	TITLE = {{Din{\'{a}}mica de Sistemas F{\'{i}}sicos  T1}},
	HOWPUBLISHED = {\url{https://www.lizeth-torres.info/curso-din%C3%A1mica-de-sistemas-f%C3%ADsicos/}},
	NOTE = {Online; recuperado 8 de diciembre del 2020} ,
	YEAR=2020}
@misc{w2,
	AUTHOR = "{Sergio C.}",
	TITLE = {{Sistemas Din{\'{a}}micos de Primer Orden}},
	HOWPUBLISHED = {\url{https://controlautomaticoeducacion.com/control-realimentado/sistemas-dinamicos-de-primer-orden/#:~:text=La%20constante%20de%20tiempo%20de,final%20o%20de%20estado%20estable.&text=Cuanto%20menor%20es%20la%20constante,es%20la%20respuesta%20del%20sistema.}},
	NOTE = {Online; recuperado 8 de diciembre del 2020} ,
	YEAR=2020}